<record><leader>00000cas a22000007a 4500</leader><controlfield tag="001">9453681</controlfield><controlfield tag="008">830427d18331833mouwr ne      0   a0eng d</controlfield><datafield ind1=" " ind2=" " tag="010"><subfield code="a">sn 83025429 </subfield></datafield><datafield ind1=" " ind2=" " tag="040"><subfield code="a">NPV</subfield><subfield code="b">eng</subfield><subfield code="c">NPV</subfield><subfield code="d">DLC</subfield><subfield code="d">NPT</subfield><subfield code="d">PPM</subfield><subfield code="d">MQN</subfield><subfield code="d">CNK</subfield><subfield code="d">OCL</subfield><subfield code="d">OCLCQ</subfield><subfield code="d">OCLCF</subfield><subfield code="d">OCLCO</subfield></datafield><datafield ind1="1" ind2=" " tag="029"><subfield code="a">AU@</subfield><subfield code="b">000025813208</subfield></datafield><datafield ind1=" " ind2=" " tag="042"><subfield code="a">msc</subfield></datafield><datafield ind1=" " ind2=" " tag="043"><subfield code="a">n-us-mo</subfield></datafield><datafield ind1=" " ind2=" " tag="045"><subfield code="a">w3w-</subfield></datafield><datafield ind1="0" ind2="0" tag="050"><subfield code="a">Newspaper 8621</subfield></datafield><datafield ind1=" " ind2=" " tag="052"><subfield code="a">4163</subfield><subfield code="b">S35</subfield></datafield><datafield ind1="0" ind2="4" tag="245"><subfield code="a">The St. Louis free press.</subfield></datafield><datafield ind1="3" ind2="0" tag="246"><subfield code="a">Saint Louis free press</subfield></datafield><datafield ind1="1" ind2="3" tag="246"><subfield code="a">Free press</subfield></datafield><datafield ind1=" " ind2=" " tag="260"><subfield code="a">St. Louis, Mo. :</subfield><subfield code="b">Peach &amp; Ruggles,</subfield><subfield code="c">1833.</subfield></datafield><datafield ind1=" " ind2=" " tag="300"><subfield code="a">v. :</subfield><subfield code="b">ill. (chiefly advertisements) ;</subfield><subfield code="c">53 cm.</subfield></datafield><datafield ind1=" " ind2=" " tag="310"><subfield code="a">Weekly</subfield></datafield><datafield ind1="1" ind2=" " tag="362"><subfield code="a">Began in 1833; ceased Oct. 24, 1833?</subfield></datafield><datafield ind1=" " ind2=" " tag="588"><subfield code="a">Description based on: Vol. 2, no. 8 (May 30, 1833).</subfield></datafield><datafield ind1=" " ind2="0" tag="651"><subfield code="a">Saint Louis (Mo.)</subfield><subfield code="v">Newspapers.</subfield></datafield><datafield ind1=" " ind2="7" tag="655"><subfield code="a">Newspapers.</subfield><subfield code="2">fast</subfield><subfield code="0">(OCoLC)fst01423814</subfield></datafield><datafield ind1=" " ind2="7" tag="651"><subfield code="a">Missouri</subfield><subfield code="z">Saint Louis.</subfield><subfield code="2">fast</subfield><subfield code="0">(OCoLC)fst01204930</subfield></datafield><datafield ind1=" " ind2=" " tag="752"><subfield code="a">United States</subfield><subfield code="b">Missouri</subfield><subfield code="d">Saint Louis.</subfield></datafield><datafield ind1="0" ind2="0" tag="780"><subfield code="t">Free press (Saint Louis, Mo. : 1832)</subfield><subfield code="w">(DLC)sn 83025430</subfield></datafield></record>